
@misc{Authors14,
 author = {Authors},
 title = {The frobnicatable foo filter},
 note = {Face and Gesture  submission ID 324. Supplied as additional material {\tt fg324.pdf}},
 year = 2014
}

@misc{Authors14b,
 author = {Authors},
 title = {Frobnication tutorial},
 note = {Supplied as additional material {\tt tr.pdf}},
 year = 2014
}

@article{DBLP:journals/corr/GreffSKSS15,
  author    = {Klaus Greff and
               Rupesh Kumar Srivastava and
               Jan Koutn{\'{\i}}k and
               Bas R. Steunebrink and
               J{\"{u}}rgen Schmidhuber},
  title     = {{LSTM:} {A} Search Space Odyssey},
  journal   = {CoRR},
  volume    = {abs/1503.04069},
  year      = {2015},
  url       = {http://arxiv.org/abs/1503.04069},
  archivePrefix = {arXiv},
  eprint    = {1503.04069},
  timestamp = {Mon, 13 Aug 2018 16:46:33 +0200},
  biburl    = {https://dblp.org/rec/journals/corr/GreffSKSS15.bib},
  bibsource = {dblp computer science bibliography, https://dblp.org}
}

@misc{GoogleQuickdraw,
  author = {Google},
  title = {Google Quickdraw},
  year = {2019},
  publisher = {GitHub},
  journal = {GitHub repository},
  howpublished = {\url{https://github.com/googlecreativelab/quickdraw-dataset}},
  commit = {b8c1bbad8f9c6b54e184d53d995958e45a66ec12}
}

@misc{ wiki:rdp_algo,
author = "{Wikipedia contributors}",
title = "Ramer–Douglas–Peucker algorithm --- {W}ikipedia{,} The Free Encyclopedia",
year = "2020",
url = "https://en.wikipedia.org/wiki/Ramer%E2%80%93Douglas%E2%80%93Peucker_algorithm",
note = "[Online; accessed 27-February-2020]"
}


@misc{TensorflowTutorial,
  author = {Tensorflow contributors},
  title = {Tensorflow Tutorial},
  year = {2019},
  publisher = {GitHub},
  journal = {GitHub repository},
  howpublished = {\url{https://github.com/tensorflow/docs/blob/master/site/en/r1/tutorials/sequences/recurrent_quickdraw.md}},
  commit = {82a6055d1ed14bbdd156dea9ebc1547e2b31249d}
}
 
 @misc{kingma2014adam,
    title={Adam: A Method for Stochastic Optimization},
    author={Diederik P. Kingma and Jimmy Ba},
    year={2014},
    eprint={1412.6980},
    archivePrefix={arXiv},
    primaryClass={cs.LG}
}

@misc{ioffe2015batch,
    title={Batch Normalization: Accelerating Deep Network Training by Reducing Internal Covariate Shift},
    author={Sergey Ioffe and Christian Szegedy},
    year={2015},
    eprint={1502.03167},
    archivePrefix={arXiv},
    primaryClass={cs.LG}
}

@article { lecun-98,
original =    "orig/lecun-98.ps.gz",
author =   "LeCun, Y. and Bottou, L. and Bengio, Y. and Haffner, P.",
title =   "Gradient-Based Learning Applied to Document Recognition",
journal =  "Proceedings of the IEEE",
month =         "November",
volume =        "86",
number =        "11",
pages =         "2278-2324",
year =    1998
}
